<mx:record xmlns="http://www.w3.org/TR/xhtml1/strict" xmlns:mx="http://www.loc.gov/MARC21/slim" xmlns:xsi="http://www.w3.org/2001/XMLSchema-instance"><mx:leader>00000cz   2200000n  4500</mx:leader><mx:controlfield tag="001">oca00239802 </mx:controlfield><mx:controlfield tag="005">19910313073044.0</mx:controlfield><mx:controlfield tag="008">790123n| acannaab|          |a aaa |||  </mx:controlfield><mx:datafield ind1=" " ind2=" " tag="010"><mx:subfield code="a">n  79005643 </mx:subfield></mx:datafield><mx:datafield ind1=" " ind2=" " tag="040"><mx:subfield code="a">DLC</mx:subfield><mx:subfield code="c">DLC</mx:subfield><mx:subfield code="d">DLC</mx:subfield></mx:datafield><mx:datafield ind1="0" ind2=" " tag="100"><mx:subfield code="a">Hippocrates</mx:subfield></mx:datafield><mx:datafield ind1="0" ind2=" " tag="400"><mx:subfield code="a">Hippokrates</mx:subfield></mx:datafield><mx:datafield ind1="0" ind2=" " tag="400"><mx:subfield code="a">Abuqrāṭ</mx:subfield></mx:datafield><mx:datafield ind1="0" ind2=" " tag="400"><mx:subfield code="a">Ippocrate</mx:subfield></mx:datafield><mx:datafield ind1="0" ind2=" " tag="400"><mx:subfield code="a">Hippocrate</mx:subfield></mx:datafield><mx:datafield ind1="0" ind2=" " tag="400"><mx:subfield code="a">Ipoḳrat</mx:subfield></mx:datafield><mx:datafield ind1="0" ind2=" " tag="400"><mx:subfield code="a">Hippocrates,</mx:subfield><mx:subfield code="c">of Cos</mx:subfield></mx:datafield><mx:datafield ind1="0" ind2=" " tag="400"><mx:subfield code="a">Ypocras</mx:subfield></mx:datafield><mx:datafield ind1=" " ind2=" " tag="667"><mx:subfield code="a">Although modern scholars agree that Hippocrates wrote none of the works once attributed to him, LC will continue under AACR 2 to enter under his name all works bearing his name -- Per Desc. Pol. 03-07-91</mx:subfield></mx:datafield><mx:datafield ind1=" " ind2=" " tag="670"><mx:subfield code="a">His Epidemie, 1982:</mx:subfield><mx:subfield code="b">t.p. (Ippocrate)</mx:subfield></mx:datafield><mx:datafield ind1=" " ind2=" " tag="670"><mx:subfield code="a">Intignano, B. M. d'. Hippocrate et les technocrates, c1983:</mx:subfield><mx:subfield code="b">t.p. (Hippocrate)</mx:subfield></mx:datafield><mx:datafield ind1=" " ind2=" " tag="670"><mx:subfield code="a">Galen. Galen's commentary on the Hippocratic treatise, Airs, waters, places, 1982:</mx:subfield><mx:subfield code="b">p. 3 (Hippocrates) p. 10 (Ipoḳrat)</mx:subfield></mx:datafield><mx:datafield ind1=" " ind2=" " tag="670"><mx:subfield code="a">Kibre, P. Hippocrates Latinus, 1985:</mx:subfield><mx:subfield code="b">p. 1 (Hippocrates of Cos; Hippocrates (Ypocras))</mx:subfield></mx:datafield><mx:datafield ind1=" " ind2=" " tag="999"><mx:subfield code="a">1402875.1547</mx:subfield></mx:datafield></mx:record>